@article{hector2020,
    author = {G.,R.,Hector},
    title = {MILLIKAN EXPERIMENT ANALYSIS},
    journal = {British Journal Of Education},
    year = {2020},
    month= {feb},
    volume= {8},
    number= {2},
    pages= {74--31},
    language= {english},
    howpublished= {\url{www.eajournals.org/wp-content/uploads/Millikan-Experiment-Analysis.pdf}}
}

@article{DelgadoLinares2013,
  author    = {Delgado-Linares, J. G. and Guti{\'e}rrez, C. and Salazar, F. and Guevara, M. and Mercado, R. and Pereira, J. C.},
  title     = {Aplicaci{\'o}n de conceptos cl{\'a}sicos de la F{\'i}sica en la pr{\'a}ctica ingenieril: La ley de Stokes como herramienta conceptual en el an{\'a}lisis de procesos de deshidrataci{\'o}n del petr{\'o}leo},
  journal   = {Educaci{\'o}n Qu{\'i}mica},
  year      = {2013},
  volume    = {24},
  number    = {1},
  pages     = {57--62},
}

@article{Luna_sf,
  author    = {Luna, Eduardo},
  title     = {Millikan Oil Drop Experiment},
  howpublished = {\url{https://planetarium.deanza.edu/faculty/lunaeduardo/documents/MillikanOilDropExperiment.pdf}},
  journal      = {De Anza College Planetarium},
  year      = {n.d.}
}

@misc{RSEF2011,
  author    = {{Real Sociedad Espa{\~n}ola de F{\'i}sica}},
  title     = {P3. El experimento de Millikan},
  year      = {2011},
  howpublished = {\url{https://rsef.es/images/Problemas/OEF2011/P3-OEF-2011.pdf}}
}

@misc{UofToronto_sf,
  author    = {{University of Toronto}},
  title     = {Millikan Oil Drop Experiment},
  year      = {n.d.},
  howpublished = {\url{https://faraday.physics.utoronto.ca/IYearLab/millikan.pdf}}
}

@article{Coulomb1785,
  author    = {Coulomb, Charles-Augustin de},
  title     = {Second m{\'e}moire sur l'{\'e}lectricit{\'e} et le magn{\'e}tisme},
  journal   = {Histoire de l'Acad{\'e}mie Royale des Sciences},
  year      = {1785},
  pages     = {578--611},
  language  = {french},
  note      = {``Il r{\'e}sulte donc de ces trois essais, que l'action r{\'e}pulsive que les deux balles {\'e}lectris{\'e}es de la m{\^e}me nature d'{\'e}lectricit{\'e} exercent l'une sur l'autre, suit la raison inverse du carr{\'e} des distances.''}
}


@misc{Britannica_1998, title={Millikan oil-drop experiment | Date, Summary, \& Results}, url={https://www.britannica.com/science/Millikan-oil-drop-experiment}, journal={Encyclopedia Britannica}, author={The Editors of Encyclopaedia Britannica}, year={1998}, month=jul }

@article{pearson1313,
    author = {Pearson, E.F.},
    title = {Magnet and BB analogy for Millikan's oil-drop experiment},
    journal = {Journal of chemical education},
    year = {1313},
    volume = {83},
    number= {9},
}

@manual{citation-key,
    author = {{Departamento de física de la Universidad de Toronto}},
    title = {Manual del experimento de Millikan},
    year= {s.f.},

}

@article{Mera_Ayala_2015, title={MEMORIA TECNICA LABORATORIO FISICA ATOMICA i EXPERIMENTO: Millikan}, url={https://doi.org/10.13140/RG.2.1.2688.6881}, DOI={10.13140/RG.2.1.2688.6881}, journal={ResearchGate}, author={Mera, E. and Ayala, Victoria}, year={2015}, month=aug }

@misc{reto,
title={RetoMillikan}, 
author={Análisis de sistemas eléctricos en ciencias (Gpo 204)}, url={https://experiencia21.tec.mx/courses/556301/pages/retomillikan} }
@article{shearer2008fluid,
  title={Fluid mechanics: stokes’ law and viscosity},
  author={Shearer, Scott A and Hudson, Jeremy R},
  journal={Measurement Laboratory},
  volume={3},
  year={2008}
}
@book{millikan1913,
    author ={{Millikan, R. A.}} ,
    title = {On the Elementary Electrical Charge and the Avogadro Constant},
    publisher = {Physical Review},
    year = {1913},
    pages= {122},
    volume= {2},
    howpublished= {\url{https://doi.org/10.1103/physrev.2.109}}
}
@article{Oxford,
  author = {Oxford},
  journal = {},
  number = {},
  title = {Millikan Oil drop Experiment},
  volume = {},
  year = {},
  howpublished = {\url{https://web.chem.ox.ac.uk/teaching/Physics%20for%20CHemists/Electricity/Millikan.html#top}},
}
@article{Millikan1912,
  author = {R. A. Millikan},
  journal = {},
  number = {},
  title = {millikan oil drop experiment notebooks, notebook two.},
  volume = {},
  year = {},
  howpublished = {https://resolver.caltech.edu/CaltechLabNotes:LN_Millikan_R_2},
}

@online{agarwal2020electronic,
  author    = {Agarwal, Tarun},
  title     = {Electronic Components used in Electrical and Electronic Circuits},
  year      = {2020},
  month     = oct,
  day       = {31},
  url       = {https://www.elprocus.com/major-electronic-components/},
  note      = {ElProCus - Electronic Projects for Engineering Students}
}

@misc{montana2010lab,
  author    = {{Montana State University}},
  title     = {Basic lab equipment and measurements},
  year      = {2010},
  url       = {https://www.montana.edu/rmaher/ee480/Lab_basic_equipment.pdf}
}

@techreport{excelsys2014an1104,
  author    = {{Excelsys Technologies Ltd.}},
  title     = {Application note AN1104: Power supply features},
  year      = {2014},
  url       = {https://www.vitecpower.com/wp-content/uploads/2014/11/Excelsys_ApplicationNoteAN1104-PowerSupplyFeatures.pdf}
}

@online{acmax2025fuente,
  author    = {AcMax de México},
  title     = {¿Qué es una fuente de poder?},
  year      = {2025},
  month     = apr,
  day       = {21},
  url       = {https://acmax.mx/que-es-una-fuente-de-poder/}
}

@online{storr2022variable,
  author    = {Storr, Wayne},
  title     = {Variable voltage power supply using the LM317T},
  year      = {2022},
  month     = aug,
  day       = {2},
  url       = {https://www.electronics-tutorials.ws/blog/variable-voltage-power-supply.html},
  note      = {Basic Electronics Tutorials}
}

